<?xml version="1.0" encoding="UTF-8"?><collection xmlns="http://www.loc.gov/MARC21/slim"><record><leader>00582nam--2200181-i-4500</leader><controlfield tag="001">000048881</controlfield><controlfield tag="002">20161230</controlfield><controlfield tag="005">20161230201047</controlfield><controlfield tag="008">060222s1000------------r-----000-0-eng-d</controlfield><datafield ind1=" " ind2=" " tag="040"><subfield code="a">IFIN-HH</subfield></datafield><datafield ind1=" " ind2=" " tag="080"><subfield code="a">539.17(061.3)</subfield></datafield><datafield ind1="1" ind2=" " tag="100"><subfield code="a">Zipf, Martha C</subfield></datafield><datafield ind1="1" ind2="0" tag="245"><subfield code="a">Proceedings of summer institute on particle physics july 29-august 10, 1974 slac report no. 179</subfield><subfield code="b">The strong interactions</subfield><subfield code="c">Martha c.zipf (ed.)</subfield></datafield><datafield ind1=" " ind2=" " tag="260"><subfield code="a">Standford, California</subfield><subfield code="b">Standford Univerisity</subfield><subfield code="c">1974</subfield></datafield><datafield ind1=" " ind2=" " tag="300"><subfield code="a">2 VOLUME</subfield></datafield><datafield ind1="1" ind2=" " tag="787"><subfield code="a">Vol. Ii</subfield><subfield code="h">345p</subfield></datafield><datafield ind1=" " ind2=" " tag="852"><subfield code="a">78969</subfield><subfield code="c">539.17</subfield></datafield><datafield ind1=" " ind2=" " tag="CAT"><subfield code="a">Sys</subfield><subfield code="c">20120626</subfield><subfield code="h">171927</subfield></datafield></record></collection>